<collection xmlns="http://www.loc.gov/MARC21/slim">
<record>
  <leader>01546nam0a22002651i 450 </leader>
  <controlfield tag="001">IT\ICCU\CNCE\076712</controlfield>
  <controlfield tag="005">20111011000000.0</controlfield>
  <datafield tag="012" ind1=" " ind2=" ">
    <subfield code="a">e,et n-e- xis. prFr (3) 1570 (R)</subfield>
    <subfield code="2">fei</subfield>
  </datafield>
  <datafield tag="100" ind1=" " ind2=" ">
    <subfield code="a">20111010d1570        0itac0103    ba</subfield>
  </datafield>
  <datafield tag="101" ind1=" " ind2=" ">
    <subfield code="a">LAT</subfield>
  </datafield>
  <datafield tag="102" ind1=" " ind2=" ">
    <subfield code="a">IT</subfield>
  </datafield>
  <datafield tag="200" ind1="1" ind2=" ">
    <subfield code="a">Expositio Euangeliorum quadragesimalium reuerendi F. Guillelmi Pepini parisiensis, doctoris theologi, ordinis praedicatorum. Nunc accuratius recognita, diligentuisque impressa</subfield>
  </datafield>
  <datafield tag="210" ind1=" " ind2=" ">
    <subfield code="a">Venetiis</subfield>
    <subfield code="c">apud Ioan. Antonium Farreum</subfield>
    <subfield code="d">1570</subfield>
    <subfield code="e">Venetiis</subfield>
    <subfield code="g">apud Io. Antonium Farreum</subfield>
    <subfield code="h">1572</subfield>
  </datafield>
  <datafield tag="215" ind1=" " ind2=" ">
    <subfield code="a">548, \12! c.</subfield>
    <subfield code="d">16ʻ</subfield>
  </datafield>
  <datafield tag="620" ind1=" " ind2=" ">
    <subfield code="a">IT</subfield>
    <subfield code="d">Venezia</subfield>
  </datafield>
  <datafield tag="700" ind1=" " ind2="1">
    <subfield code="a">Pepin,</subfield>
    <subfield code="b">Guillaume</subfield>
    <subfield code="3">IT\ICCU\CNCA\009445</subfield>
  </datafield>
  <datafield tag="712" ind1="0" ind2="0">
    <subfield code="a">Farri, Giovanni Antonio</subfield>
    <subfield code="3">IT\ICCU\CNCT\001718</subfield>
    <subfield code="4">650</subfield>
  </datafield>
  <datafield tag="790" ind1=" " ind2="1">
    <subfield code="a">Pepinus,</subfield>
    <subfield code="b">Guillelmus</subfield>
    <subfield code="3">IT\ICCU\CNCA\014734</subfield>
    <subfield code="z">Pepin, Guillaume</subfield>
  </datafield>
  <datafield tag="791" ind1="0" ind2="0">
    <subfield code="a">Farreus, Ioannes Antonius</subfield>
    <subfield code="3">IT\ICCU\CNCT\003792</subfield>
    <subfield code="z">Farri, Giovanni Antonio</subfield>
  </datafield>
  <datafield tag="801" ind1=" " ind2="3">
    <subfield code="a">IT</subfield>
    <subfield code="b">ICCU</subfield>
    <subfield code="c">20201115</subfield>
  </datafield>
  <datafield tag="899" ind1=" " ind2=" ">
    <subfield code="a">Biblioteca nazionale Braidense. Milano</subfield>
    <subfield code="1">MI0185</subfield>
    <subfield code="2">MIL NB</subfield>
  </datafield>
  <datafield tag="911" ind1=" " ind2=" ">
    <subfield code="a">Sul front.</subfield>
    <subfield code="9">IT\ICCU\CNCM\002050</subfield>
  </datafield>
  <datafield tag="911" ind1=" " ind2=" ">
    <subfield code="a">In fine</subfield>
    <subfield code="9">IT\ICCU\CNCM\000292</subfield>
  </datafield>
  <datafield tag="921" ind1=" " ind2=" ">
    <subfield code="a">IT\ICCU\CNCM\002050</subfield>
    <subfield code="b">Due cornacchie su un piedistallo ai lati di uno scettro. Iniziali I.A.F. In cornice</subfield>
    <subfield code="e">Concordia res parvae crescunt</subfield>
    <subfield code="c">U615</subfield>
    <subfield code="d">Dimensioni. 3,2 x 4</subfield>
    <subfield code="f">CORNACCHIA</subfield>
    <subfield code="f">CONCORDIAR</subfield>
    <subfield code="f">IAF</subfield>
    <subfield code="g">1570-1572</subfield>
  </datafield>
  <datafield tag="921" ind1=" " ind2=" ">
    <subfield code="a">IT\ICCU\CNCM\000292</subfield>
    <subfield code="b">Due cornacchie affrontate su un&apos;ara. Iniziali IAF.</subfield>
    <subfield code="e">Concordia res parvae crescunt.</subfield>
    <subfield code="c">V348</subfield>
    <subfield code="c">Z390</subfield>
    <subfield code="d">La figura  ̌accompagnata dalle iniziali IAF oppure IC. Dimensioni: 4,3 x 5</subfield>
    <subfield code="f">ARA</subfield>
    <subfield code="f">CONCORDIAR</subfield>
    <subfield code="f">CORNACCHIA</subfield>
    <subfield code="f">IAF</subfield>
    <subfield code="g">1570-1591</subfield>
  </datafield>
</record>
</collection>
